@Book{xie2015,
  title = {Dynamic Documents with {R} and knitr},
  author = {Yihui Xie},
  publisher = {Chapman and Hall/CRC},
  address = {Boca Raton, Florida},
  year = {2015},
  edition = {2nd},
  note = {ISBN 978-1498716963},
  url = {http://yihui.org/knitr/},
}

@inproceedings{Becker2004,
  title={A Brief History of S},
  author={R. Becker},
  address= {AT&T Bell Laboratories Murray Hill, New Jersey 07974},
  year={2004},
  url = {http://lcolladotor.github.io/courses/Courses/R/resources/history_of_S.pdf}
}

@book{Crawley2012,
  title={The R book},
  author={Crawley, Michael J},
  year={2012},
  publisher={John Wiley \& Sons},
  url = {https://www.cs.upc.edu/~robert/teaching/estadistica/TheRBook.pdf}
}
